<?xml version="1.0" encoding="UTF-8"?>
<record xmlns="http://www.loc.gov/MARC21/slim" xmlns:xsi="http://www.w3.org/2001/XMLSchema-instance" xsi:schemaLocation="http://www.loc.gov/MARC21/slim http://www.loc.gov/standards/marcxml/schema/MARC21slim.xsd">
<leader>00000cam a22      i 4500</leader>
<controlfield tag="001">001684894</controlfield>
<controlfield tag="003">NNU</controlfield>
<controlfield tag="005">20150804181056.0</controlfield>
<controlfield tag="008">900216s1963    iq a          000 0 ara</controlfield>
<datafield tag="010" ind1=" " ind2=" ">
<subfield code="a">ne 64002019</subfield>
</datafield>
<datafield tag="025" ind1=" " ind2=" ">
<subfield code="a">PL480:UAR-3848</subfield>
</datafield>
<datafield tag="035" ind1=" " ind2=" ">
<subfield code="a">(OCoLC)21075257</subfield>
</datafield>
<datafield tag="040" ind1=" " ind2=" ">
<subfield code="a">DLC</subfield>
<subfield code="b">eng</subfield>
<subfield code="c">WAU</subfield>
<subfield code="d">WAU</subfield>
<subfield code="d">OCLCQ</subfield>
<subfield code="d">OCLCG</subfield>
<subfield code="d">HIN</subfield>
<subfield code="d">OCLCA</subfield>
<subfield code="d">OCLCF</subfield>
<subfield code="d">OCLCQ</subfield>
<subfield code="d">OCLCO</subfield>
<subfield code="d">NNU</subfield>
</datafield>
<datafield tag="050" ind1=" " ind2="4">
<subfield code="a">G93</subfield>
<subfield code="b">.D5 1923a</subfield>
</datafield>
<datafield tag="100" ind1="1" ind2=" ">
<subfield code="6">880-01</subfield>
<subfield code="a">Dimashqī, Shams al-Dīn Muḥammad ibn Abī Ṭālib,</subfield>
<subfield code="d">1256 or 1257-1327.</subfield>
</datafield>
<datafield tag="240" ind1="1" ind2="0">
<subfield code="6">880-02</subfield>
<subfield code="a">Nukhbat al-dahr fī ʻajāʼib al-barr wa-al-bahr</subfield>
</datafield>
<datafield tag="245" ind1="1" ind2="0">
<subfield code="6">880-03</subfield>
<subfield code="a">Nukhbat ad dahr fî ʼadschâʼib al barr wal bahr,</subfield>
<subfield code="b">cosmographie</subfield>
<subfield code="c">publ. par A. Mehren. Leipzig, O. Harrassowiz, 1923.</subfield>
</datafield>
<datafield tag="246" ind1="3" ind2=" ">
<subfield code="6">880-04</subfield>
<subfield code="a">Nukhbat al-dahr fī ʻajāʼib al-barr wa-al-baḥr</subfield>
</datafield>
<datafield tag="260" ind1=" " ind2=" ">
<subfield code="6">880-05</subfield>
<subfield code="a">[Baghdād] :</subfield>
<subfield code="b">[Yuṭlabu min Maktabat al-Muthanná],</subfield>
<subfield code="c">[1963?]</subfield>
</datafield>
<datafield tag="300" ind1=" " ind2=" ">
<subfield code="a">xc, 285 pages :</subfield>
<subfield code="b">illustrations ;</subfield>
<subfield code="c">30 cm.</subfield>
</datafield>
<datafield tag="336" ind1=" " ind2=" ">
<subfield code="a">text</subfield>
<subfield code="b">txt</subfield>
<subfield code="2">rdacontent</subfield>
</datafield>
<datafield tag="337" ind1=" " ind2=" ">
<subfield code="a">unmediated</subfield>
<subfield code="b">n</subfield>
<subfield code="2">rdamedia</subfield>
</datafield>
<datafield tag="338" ind1=" " ind2=" ">
<subfield code="a">volume</subfield>
<subfield code="b">nc</subfield>
<subfield code="2">rdacarrier</subfield>
</datafield>
<datafield tag="490" ind1="1" ind2=" ">
<subfield code="a">Collectio editinum rariorum orientalium noviter impressarum ;</subfield>
<subfield code="v">2</subfield>
</datafield>
<datafield tag="500" ind1=" " ind2=" ">
<subfield code="a">Title from p. [ii].</subfield>
</datafield>
<datafield tag="500" ind1=" " ind2=" ">
<subfield code="a">At head of title: Ed-Dimichqui.</subfield>
</datafield>
<datafield tag="500" ind1=" " ind2=" ">
<subfield code="a">Cover title: Nukhbat al-dahr fī ʻajāʼib al-barr wa-al-barr wa-al-bahr, taʼlīf Shams al-Dīn Abī ʻAbd Allāh Muḥammad ibn Abī Ṭālib al-Anṣārī al-Dimashqī al-maʻrūf bi-Shaykh al-Rubwah.</subfield>
</datafield>
<datafield tag="500" ind1=" " ind2=" ">
<subfield code="a">Photocopy of the Leipzig ed., which is itself a photocopy of the original publication (St. Petersburg, 1866); t.p. of original publication omitted.</subfield>
</datafield>
<datafield tag="650" ind1=" " ind2="0">
<subfield code="a">Geography, Medieval.</subfield>
</datafield>
<datafield tag="650" ind1=" " ind2="7">
<subfield code="a">Geography, Medieval.</subfield>
<subfield code="2">fast</subfield>
<subfield code="0">(OCoLC)fst00940573</subfield>
</datafield>
<datafield tag="700" ind1="1" ind2=" ">
<subfield code="6">880-06</subfield>
<subfield code="a">Mehren, A. F.</subfield>
<subfield code="q">(August Ferdinand),</subfield>
<subfield code="d">1822-1907.</subfield>
</datafield>
<datafield tag="880" ind1="1" ind2=" ">
<subfield code="6">100-01/</subfield>
<subfield code="a">دمشقي، شمس الدين محمد بن أبي طالب،</subfield>
<subfield code="d">1256 or 1257-1327.</subfield>
</datafield>
<datafield tag="880" ind1="1" ind2="0">
<subfield code="6">240-02/</subfield>
<subfield code="a">نخبة الدهر في عجائب البر والبحر</subfield>
</datafield>
<datafield tag="880" ind1="1" ind2="0">
<subfield code="6">245-03/</subfield>
<subfield code="a">نخبة الدهر في عجائب البر والبحر /</subfield>
<subfield code="c">تأليف شمس الدين أبي عبد الله محمد بن أبي طالب الأنصاري الدمشقي المعروف بشيخ الربوة.</subfield>
</datafield>
<datafield tag="880" ind1="3" ind2=" ">
<subfield code="6">246-04/</subfield>
<subfield code="a">نخبة الدهر في عجائب البر والبحر</subfield>
</datafield>
<datafield tag="880" ind1=" " ind2=" ">
<subfield code="6">260-05/</subfield>
<subfield code="a">[بغداد] :</subfield>
<subfield code="b">[يطلب من مكتبة المثنى]،</subfield>
<subfield code="c">[1963؟]</subfield>
</datafield>
<datafield tag="880" ind1="1" ind2=" ">
<subfield code="6">700-06/</subfield>
<subfield code="a">مهرني، ميخائيل بن يحيى.</subfield>
</datafield>
<datafield tag="830" ind1=" " ind2="0">
<subfield code="a">Collectio editinum rariorum orientalium noviter impressarum ;</subfield>
<subfield code="v">2.</subfield>
</datafield>
<datafield tag="OWN" ind1=" " ind2=" ">
<subfield code="a">GENERAL</subfield>
</datafield>
<datafield tag="AVA" ind1=" " ind2=" ">
<subfield code="a">NYU50</subfield>
<subfield code="b">BOBST</subfield>
<subfield code="c">Main Collection</subfield>
<subfield code="d">G93 .D5 1963</subfield>
<subfield code="e">unavailable</subfield>
<subfield code="t">Unavailable</subfield>
<subfield code="f">1</subfield>
<subfield code="g">1</subfield>
<subfield code="h">N</subfield>
<subfield code="i">2</subfield>
<subfield code="j">MAIN</subfield>
<subfield code="k">0</subfield>
</datafield>
</record>
